<record><leader>00000cas a22000007a 4500</leader><controlfield tag="001">25641918</controlfield><controlfield tag="008">920414c19879999wiuwr ne      0   a0eng c</controlfield><datafield ind1=" " ind2=" " tag="010"><subfield code="a">sn 92004647 </subfield></datafield><datafield ind1=" " ind2=" " tag="040"><subfield code="a">NSD</subfield><subfield code="b">eng</subfield><subfield code="c">NSD</subfield><subfield code="d">OCLCQ</subfield></datafield><datafield ind1=" " ind2=" " tag="012"><subfield code="l">1</subfield></datafield><datafield ind1="1" ind2=" " tag="022"><subfield code="a">1062-4880</subfield><subfield code="l">1062-4880</subfield><subfield code="2">1</subfield></datafield><datafield ind1=" " ind2=" " tag="037"><subfield code="b">Enterprise Newspapers, 1112 S. 60th St., West Allis, WI 53214-3315</subfield></datafield><datafield ind1=" " ind2=" " tag="042"><subfield code="a">nsdp</subfield><subfield code="a">pcc</subfield></datafield><datafield ind1=" " ind2="0" tag="222"><subfield code="a">Greenfield/Greendale enterprise</subfield></datafield><datafield ind1="0" ind2="0" tag="245"><subfield code="a">Greenfield/Greendale enterprise.</subfield></datafield><datafield ind1=" " ind2=" " tag="260"><subfield code="a">West Allis, WI :</subfield><subfield code="b">Enterprise Newspapers</subfield></datafield><datafield ind1=" " ind2=" " tag="300"><subfield code="a">v.</subfield></datafield><datafield ind1=" " ind2=" " tag="310"><subfield code="a">Weekly</subfield></datafield><datafield ind1="1" ind2=" " tag="362"><subfield code="a">Began with: Vol. 1, no. 1, published Sept. 1, 1987.</subfield></datafield><datafield ind1=" " ind2=" " tag="500"><subfield code="a">Issues for &lt;Mar. 29-Apr. 4, 1992-&gt; include section: The Enterprise metro, which has running title: The Metro enterprise.</subfield></datafield><datafield ind1=" " ind2=" " tag="588"><subfield code="a">Description based on: Vol. 5, no. 13 (week of Mar. 29-Apr. 4, 1992).</subfield></datafield><datafield ind1="0" ind2=" " tag="730"><subfield code="a">Enterprise metro.</subfield></datafield><datafield ind1="0" ind2=" " tag="730"><subfield code="a">Metro enterprise.</subfield></datafield><datafield ind1=" " ind2=" " tag="752"><subfield code="a">United States</subfield><subfield code="b">Wisconsin</subfield><subfield code="c">Milwaukee</subfield><subfield code="d">West Allis.</subfield></datafield><datafield ind1=" " ind2=" " tag="752"><subfield code="a">United States</subfield><subfield code="b">Wisconsin</subfield><subfield code="c">Milwaukee</subfield><subfield code="d">Greenfield.</subfield></datafield><datafield ind1=" " ind2=" " tag="752"><subfield code="a">United States</subfield><subfield code="b">Wisconsin</subfield><subfield code="c">Milwaukee</subfield><subfield code="d">Greendale.</subfield></datafield><datafield ind1="1" ind2=" " tag="029"><subfield code="a">AU@</subfield><subfield code="b">000025860851</subfield></datafield></record>